@incollection{ABDELBASSET2018185,
title = {Chapter 10 - Metaheuristic Algorithms: A Comprehensive Review},
editor = {Arun Kumar Sangaiah and Michael Sheng and Zhiyong Zhang},
booktitle = {Computational Intelligence for Multimedia Big Data on the Cloud with Engineering Applications},
publisher = {Academic Press},
pages = {185-231},
year = {2018},
series = {Intelligent Data-Centric Systems},
isbn = {978-0-12-813314-9},
doi = {https://doi.org/10.1016/B978-0-12-813314-9.00010-4},
url = {https://www.sciencedirect.com/science/article/pii/B9780128133149000104},
author = {Mohamed Abdel-Basset and Laila Abdel-Fatah and Arun Kumar Sangaiah},
keywords = {Metaheuristic, Algorithm, Optimization},
}