@book{strang1993introduction,
  title={Introduction to linear algebra},
  author={Strang, Gilbert and Strang, Gilbert and Strang, Gilbert and Strang, Gilbert},
  volume={3},
  year={1993},
  publisher={Wellesley-Cambridge Press Wellesley, MA}
}

@book{kay1993fundamentals,
  title={Fundamentals of statistical signal processing: estimation theory},
  author={Kay, Steven M},
  year={1993},
  publisher={Prentice-Hall, Inc.}
}

@book{diniz1997adaptive,
  title={Adaptive filtering},
  author={Diniz, Paulo SR and others},
  volume={4},
  year={1997},
  publisher={Springer}
}

@book{leon1994probability,
  title={Probability and random processes for electrical engineering},
  author={Leon-Garcia, Alberto},
  year={1994},
  publisher={Pearson Education India}
}

@article{takagi1985fuzzy,
  title={Fuzzy identification of systems and its applications to modeling and control},
  author={Takagi, Tomohiro and Sugeno, Michio},
  journal={IEEE transactions on systems, man, and cybernetics},
  number={1},
  pages={116--132},
  year={1985},
  publisher={IEEE}
}